@book{metamath,
  author = {Norman Megill and David A. Wheeler},
  title = {Metamath: A Computer Language for Pure Mathematics},
  publisher = {Lulu.com},
  year = {2007},
  url = {https://us.metamath.org/downloads/metamath.pdf}
}

@misc{chatgpt_mt,
      title={ChatGPT MT: Competitive for High- (but not Low-) Resource Languages},
      author={Nathaniel R. Robinson and Perez Ogayo and David R. Mortensen and Graham Neubig},
      year={2023},
      eprint={2309.07423},
      archivePrefix={arXiv},
      primaryClass={cs.CL},
      url={https://arxiv.org/abs/2309.07423},
  note = {\href{https://doi.org/10.48550/arXiv.2309.07423}{2309.07423}}
}

@misc{chatgpt_multilingual,
      title={ChatGPT Beyond English: Towards a Comprehensive Evaluation of Large Language Models in Multilingual Learning},
      author={Viet Dac Lai and Nghia Trung Ngo and Amir Pouran Ben Veyseh and Hieu Man and Franck Dernoncourt and Trung Bui and Thien Huu Nguyen},
      year={2023},
      eprint={2304.05613},
      archivePrefix={arXiv},
      primaryClass={cs.CL},
      url={https://arxiv.org/abs/2304.05613},
  note = {\href{https://doi.org/10.48550/arXiv.2304.05613}{2304.05613}}
}


@misc{show_your_work,
      title={Show Your Work: Scratchpads for Intermediate Computation with Language Models},
      author={Maxwell Nye and Anders Johan Andreassen and Guy Gur-Ari and Henryk Michalewski and Jacob Austin and David Bieber and David Dohan and Aitor Lewkowycz and Maarten Bosma and David Luan and Charles Sutton and Augustus Odena},
      year={2021},
      eprint={2112.00114},
      archivePrefix={arXiv},
      primaryClass={cs.LG},
      url={https://arxiv.org/abs/2112.00114},
  note = {\href{https://doi.org/10.48550/arXiv.2112.00114}{2112.00114}}
}

@misc{lost_in_middle,
      title={Lost in the Middle: How Language Models Use Long Contexts},
      author={Nelson F. Liu and Kevin Lin and John Hewitt and Ashwin Paranjape and Michele Bevilacqua and Fabio Petroni and Percy Liang},
      year={2023},
      eprint={2307.03172},
      archivePrefix={arXiv},
      primaryClass={cs.CL},
      url={https://arxiv.org/abs/2307.03172},
  note = {\href{https://doi.org/10.48550/arXiv.2307.03172}{2307.03172}}
}


@misc{babilong,
      title={BABILong: Testing the Limits of LLMs with Long Context Reasoning-in-a-Haystack},
      author={Yuri Kuratov and Aydar Bulatov and Petr Anokhin and Ivan Rodkin and Dmitry Sorokin and Artyom Sorokin and Mikhail Burtsev},
      year={2024},
      eprint={2406.10149},
      archivePrefix={arXiv},
      primaryClass={cs.CL},
      url={https://arxiv.org/abs/2406.10149},
  note = {\href{https://doi.org/10.48550/arXiv.2406.10149}{2406.10149}}
}


@misc{dont_stop_pretraining,
      title={Don't Stop Pretraining: Adapt Language Models to Domains and Tasks},
      author={Suchin Gururangan and Ana MarasoviÄ‡ and Swabha Swayamdipta and Kyle Lo and Iz Beltagy and Doug Downey and Noah A. Smith},
      year={2020},
      eprint={2004.10964},
      archivePrefix={arXiv},
      primaryClass={cs.CL},
      url={https://arxiv.org/abs/2004.10964},
  note = {\href{https://doi.org/10.48550/arXiv.2004.10964}{2004.10964}}
}

@misc{mmverify,
  author = {David A. Wheeler},
  title = {mmverify.py - A Metamath Verifier Written in Python},
  year = {2024},
  url = {https://github.com/david-a-wheeler/mmverify.py},
  note = {\href{https://github.com/david-a-wheeler/mmverify.py}{github repository}}
}

@misc{proofwaala,
      title={ProofWala: Multilingual Proof Data Synthesis and Theorem-Proving},
      author={Amitayush Thakur and George Tsoukalas and Greg Durrett and Swarat Chaudhuri},
      year={2025},
      eprint={2502.04671},
      archivePrefix={arXiv},
      primaryClass={cs.AI},
      url={https://arxiv.org/abs/2502.04671},
  note = {\href{https://doi.org/10.48550/arXiv.2502.04671}{2502.04671}}
}

@misc{llmjudge,
      title={Judging LLM-as-a-Judge with MT-Bench and Chatbot Arena},
      author={Lianmin Zheng and Wei-Lin Chiang and Ying Sheng and Siyuan Zhuang and Zhanghao Wu and Yonghao Zhuang and Zi Lin and Zhuohan Li and Dacheng Li and Eric P. Xing and Hao Zhang and Joseph E. Gonzalez and Ion Stoica},
      year={2023},
      eprint={2306.05685},
      archivePrefix={arXiv},
      primaryClass={cs.CL},
      url={https://arxiv.org/abs/2306.05685},
  note = {\href{https://arxiv.org/abs/2306.05685}{2306.05685}}
}

@article{low_resource_biomedicine,
title = {Fine-tuning large language models for improved health communication in low-resource languages},
journal = {Computer Methods and Programs in Biomedicine},
volume = {263},
pages = {108655},
year = {2025},
issn = {0169-2607},
doi = {https://doi.org/10.1016/j.cmpb.2025.108655},
url = {https://www.sciencedirect.com/science/article/pii/S0169260725000720},
author = {Nhat Bui and Giang Nguyen and Nguyen Nguyen and Bao Vo and Luan Vo and Tom Huynh and Arthur Tang and Van Nhiem Tran and Tuyen Huynh and Huy Quang Nguyen and Minh Dinh},
keywords = {Artificial intelligence, Large language model, Low-resources languages, Health communication and promotion, Data privacy and security, Health equity},
      note = {\href{https://www.sciencedirect.com/science/article/pii/S0169260725000720}{link}}

}
@misc{whatsrealcontext,
      title={RULER: What's the Real Context Size of Your Long-Context Language Models?},
      author={Cheng-Ping Hsieh et al.},
      year={2024},
      eprint={2404.06654},
      archivePrefix={arXiv},
      primaryClass={cs.CL},
      url={https://arxiv.org/abs/2404.06654},
      note = {\href{https://arxiv.org/abs/2404.06654}{2404.06654}},
}